<collection xmlns="http://www.loc.gov/MARC21/slim">
<record>
  <leader>01374nam0a2200253 i 450 </leader>
  <controlfield tag="001">IT\ICCU\CNCE\035543</controlfield>
  <controlfield tag="005">20150623000000.0</controlfield>
  <datafield tag="012" ind1=" " ind2=" ">
    <subfield code="a">I.a- m.es i-s. sazo (3) 1574 (R)</subfield>
    <subfield code="2">fei</subfield>
  </datafield>
  <datafield tag="100" ind1=" " ind2=" ">
    <subfield code="a">19980112d1574        0itac0103    ba</subfield>
  </datafield>
  <datafield tag="101" ind1=" " ind2=" ">
    <subfield code="a">LAT</subfield>
  </datafield>
  <datafield tag="102" ind1=" " ind2=" ">
    <subfield code="a">IT</subfield>
  </datafield>
  <datafield tag="200" ind1="1" ind2=" ">
    <subfield code="a">Liber administrandorum sacramentorum secundum ritum Ecclesiae Placentinae. Illustrissimi, et reuerendissimi D.D. Pauli de Aretio S.R.E. tit. S. Pudentianae presbyteri cardinalis, ipsiusque Ecclesiae Placentinae episcopi, &amp; comitis iussu correctus, &amp; editus</subfield>
  </datafield>
  <datafield tag="210" ind1=" " ind2=" ">
    <subfield code="a">Brixiae</subfield>
    <subfield code="c">apud haeredes Damiani Turlini</subfield>
    <subfield code="c">sumptibus Andreae Galli Piacentini bibliopolae</subfield>
    <subfield code="d">1574</subfield>
    <subfield code="e">Impressum Brixiae</subfield>
    <subfield code="g">apud haeredes Damiani Turlini</subfield>
    <subfield code="g">sumptibus Andreae Galli Piacentini bibliopolae</subfield>
    <subfield code="h">1574</subfield>
  </datafield>
  <datafield tag="215" ind1=" " ind2=" ">
    <subfield code="a">115, \1! p.</subfield>
    <subfield code="c">ill.</subfield>
    <subfield code="d">4ʻ</subfield>
  </datafield>
  <datafield tag="620" ind1=" " ind2=" ">
    <subfield code="a">IT</subfield>
    <subfield code="d">Brescia</subfield>
  </datafield>
  <datafield tag="710" ind1="0" ind2="2">
    <subfield code="a">Piacenza</subfield>
    <subfield code="c"> &lt;Diocesi&gt;</subfield>
    <subfield code="3">7317</subfield>
  </datafield>
  <datafield tag="712" ind1="0" ind2="0">
    <subfield code="a">Turlino, Damiano - eredi</subfield>
    <subfield code="3">IT\ICCU\CNCT\000509</subfield>
    <subfield code="4">650</subfield>
  </datafield>
  <datafield tag="712" ind1="0" ind2="0">
    <subfield code="a">Gallo, Andrea</subfield>
    <subfield code="3">IT\ICCU\CNCT\002171</subfield>
    <subfield code="4">650</subfield>
  </datafield>
  <datafield tag="791" ind1="0" ind2="0">
    <subfield code="a">Gallus, Andreas</subfield>
    <subfield code="3">IT\ICCU\CNCT\004822</subfield>
    <subfield code="z">Gallo, Andrea</subfield>
  </datafield>
  <datafield tag="801" ind1=" " ind2="3">
    <subfield code="a">IT</subfield>
    <subfield code="b">ICCU</subfield>
    <subfield code="c">20201114</subfield>
  </datafield>
  <datafield tag="899" ind1=" " ind2=" ">
    <subfield code="a">Biblioteca Apostolica Vaticana. Citt ̉del Vaticano</subfield>
    <subfield code="1">EX0001</subfield>
    <subfield code="2">ZCV 01</subfield>
  </datafield>
  <datafield tag="899" ind1=" " ind2=" ">
    <subfield code="a">Biblioteca del Collegio cardinale Giulio Alberoni. Piacenza</subfield>
    <subfield code="1">PC0032</subfield>
    <subfield code="2">PIA AB</subfield>
  </datafield>
  <datafield tag="899" ind1=" " ind2=" ">
    <subfield code="a">Biblioteca e Archivio della curia vescovile. Piacenza</subfield>
    <subfield code="1">PC0070</subfield>
    <subfield code="2">ZPC 07</subfield>
  </datafield>
  <datafield tag="899" ind1=" " ind2=" ">
    <subfield code="a">Biblioteca Palatina. Parma</subfield>
    <subfield code="1">PR0072</subfield>
    <subfield code="2">PAR PA</subfield>
  </datafield>
</record>
</collection>
